@InBook{Pinheiro:2012,
  author    = {PINHEIRO, F. A. C.},
  booktitle = {Elementos de programação em C},
  year      = {2012},
  pages     = {1--14},

{da Silva:2019} 
     da Silva, W. B. 2019. In: {\em CPF}, Curitiba. <https://github.com/wyllianbs/CPF>.

}
