@InBook{Pinheiro:2012,
  author    = {PINHEIRO, F. A. C.},
  booktitle = {Elementos de programação em C},
  year      = {2012},
  pages     = {1--14},
}

VIVA o Linux. Disponível em:
https://www.vivaolinux.com.br/topico/C-C++/kbhit()-no-linux Acesso em: 10 de junho de 2019
